@article{injection,
      title={Injecting the BM25 Score as Text Improves BERT-Based Re-rankers}, 
      author={Arian Askari and Amin Abolghasemi and Gabriella Pasi and Wessel Kraaij and Suzan Verberne},
      year={2023},
      eprint={2301.09728},
      archivePrefix={arXiv},
      primaryClass={cs.IR}
}
